<record><leader>00000cas a2200000 a 4500</leader><controlfield tag="001">4213891</controlfield><controlfield tag="008">780911d19771978ilubr ne      0   a0eng c</controlfield><datafield ind1=" " ind2=" " tag="010"><subfield code="a">  2013271018</subfield></datafield><datafield ind1=" " ind2=" " tag="040"><subfield code="a">KSU</subfield><subfield code="b">eng</subfield><subfield code="c">KSU</subfield><subfield code="d">OCL</subfield><subfield code="d">NVF</subfield><subfield code="d">OCLCO</subfield><subfield code="d">OCLCF</subfield><subfield code="d">OCLCO</subfield></datafield><datafield ind1="0" ind2=" " tag="041"><subfield code="a">eng</subfield><subfield code="a">spa</subfield></datafield><datafield ind1=" " ind2=" " tag="042"><subfield code="a">pcc</subfield></datafield><datafield ind1=" " ind2=" " tag="043"><subfield code="a">n-us---</subfield></datafield><datafield ind1=" " ind2="4" tag="050"><subfield code="a">HX1</subfield><subfield code="b">.Y68</subfield></datafield><datafield ind1="0" ind2=" " tag="130"><subfield code="a">Young communist (Chicago, Ill.)</subfield></datafield><datafield ind1="1" ind2="4" tag="245"><subfield code="a">The young communist.</subfield></datafield><datafield ind1="1" ind2="3" tag="246"><subfield code="a">Juventud comunista.</subfield></datafield><datafield ind1=" " ind2=" " tag="260"><subfield code="a">Chicago, Ill. :</subfield><subfield code="b">Communist Youth Organization,</subfield><subfield code="c">1977-1978.</subfield></datafield><datafield ind1=" " ind2=" " tag="300"><subfield code="a">v. :</subfield><subfield code="b">ill. ;</subfield><subfield code="c">28 cm.</subfield></datafield><datafield ind1=" " ind2=" " tag="310"><subfield code="a">Bimonthly (irregular),</subfield><subfield code="b">&lt;June/July 1978&gt;-Nov./Dec. 1978</subfield></datafield><datafield ind1="1" ind2=" " tag="362"><subfield code="a">Began publication May 1977.</subfield><subfield code="z">Cf. Editorial, June/July 1978 issue.</subfield></datafield><datafield ind1="1" ind2=" " tag="362"><subfield code="a">Ceased with: Nov./Dec. 1978?</subfield></datafield><datafield ind1=" " ind2=" " tag="500"><subfield code="a">Published in newspaper format &lt;Oct. 1977-Mar./Apr. 1978&gt;; in magazine format, June/July-Nov./Dec. 1978.</subfield></datafield><datafield ind1=" " ind2=" " tag="515"><subfield code="a">Issues for June/July-Nov./Dec. 1978 lack numbering.</subfield></datafield><datafield ind1=" " ind2=" " tag="530"><subfield code="a">Available on microfilm;</subfield><subfield code="b">New York University Libraries.</subfield></datafield><datafield ind1=" " ind2=" " tag="546"><subfield code="a">In English and Spanish, with Spanish text on inverted pages.</subfield></datafield><datafield ind1=" " ind2=" " tag="588"><subfield code="a">Description based on: Vol. 1, no. 6 (Oct. 1977).</subfield></datafield><datafield ind1=" " ind2=" " tag="588"><subfield code="a">Latest issue consulted: Vol. 2, no. 1 (Jan. 1978).</subfield></datafield><datafield ind1=" " ind2="0" tag="650"><subfield code="a">Socialism and youth</subfield><subfield code="z">United States</subfield><subfield code="v">Newspapers.</subfield></datafield><datafield ind1=" " ind2="0" tag="650"><subfield code="a">College students</subfield><subfield code="x">Political activity</subfield><subfield code="z">United States</subfield><subfield code="v">Newspapers.</subfield></datafield><datafield ind1=" " ind2="0" tag="650"><subfield code="a">Communism</subfield><subfield code="z">United States</subfield><subfield code="v">Newspapers.</subfield></datafield><datafield ind1=" " ind2="7" tag="655"><subfield code="a">Newspapers.</subfield><subfield code="2">fast</subfield><subfield code="0">(OCoLC)fst01423814</subfield></datafield><datafield ind1=" " ind2="7" tag="650"><subfield code="a">College students</subfield><subfield code="x">Political activity.</subfield><subfield code="2">fast</subfield><subfield code="0">(OCoLC)fst00868026</subfield></datafield><datafield ind1=" " ind2="7" tag="650"><subfield code="a">Communism.</subfield><subfield code="2">fast</subfield><subfield code="0">(OCoLC)fst00870421</subfield></datafield><datafield ind1=" " ind2="7" tag="650"><subfield code="a">Socialism and youth.</subfield><subfield code="2">fast</subfield><subfield code="0">(OCoLC)fst01123706</subfield></datafield><datafield ind1=" " ind2="7" tag="651"><subfield code="a">United States.</subfield><subfield code="2">fast</subfield><subfield code="0">(OCoLC)fst01204155</subfield></datafield><datafield ind1="2" ind2=" " tag="710"><subfield code="a">Communist Youth Organization.</subfield></datafield><datafield ind1=" " ind2=" " tag="752"><subfield code="a">United States</subfield><subfield code="b">Illinois</subfield><subfield code="c">Cook</subfield><subfield code="d">Chicago.</subfield></datafield><datafield ind1="0" ind2="8" tag="776"><subfield code="i">Microfilm.</subfield><subfield code="s">Young communist (Communist Youth Organization (U.S.)).</subfield><subfield code="t">Young communist.</subfield><subfield code="w">(OCoLC)17270542.</subfield></datafield><datafield ind1="0" ind2="0" tag="785"><subfield code="t">Speak out (Chicago, Ill.)</subfield><subfield code="w">(DLC)sn 94024353</subfield><subfield code="w">(OCoLC)31036353</subfield></datafield></record>